@misc{untappd,
    author = {Untappd},
    title = {Untappd},
    year = {2024},
    url = {https://untappd.com/}
}

@misc{openbeerdb,
    author = {OpenBeerDB},
    title = {OpenBeerDB},
    year = {2024},
    url = {https://openbeerdb.com/}
}