@inproceedings{raasveldt:2019,
author = {Raasveldt, Mark and M\"{u}hleisen, Hannes},
title = {{DuckDB: an Embeddable Analytical Database}},
year = {2019},
isbn = {9781450356435},
publisher = {Association for Computing Machinery},
address = {New York, NY, USA},
url = {https://doi.org/10.1145/3299869.3320212},
doi = {10.1145/3299869.3320212},
pages = {1981â€“1984},
numpages = {4},
location = {Amsterdam, Netherlands},
series = {SIGMOD '19}
}